
@BOOK{companion,
  title = {The {\LaTeX} Companion},
  publisher = {Addison-Wesley Publishing Company},
  year = {1994},
  author = {Michel Goosens and Frank Mittelbach and Alexander Samarin},
  pages = {112-125},
  address = {Reading, MA}
}

@inbook{berz_modern_1999,
  address = {London},
  title = {Modern Map Methods in Particle Beam Physics},
  publisher = {Academic Press},
  author = {Martin Berz},
  year = {1999},
  pages = {81-118}
}

@article{wittig_high_2015,
	title = {High order transfer maps for perturbed {Keplerian} motion},
	volume = {122},
	doi = {10.1007/s10569-015-9621-8},
	number = {4},
	journal = {Celestial Mechanics and Dynamical Astronomy},
	author = {Wittig, Alexander and Armellin, Roberto},
	year = {2015},
	pages = {333--358},
}

@phdthesis{johannes_grote_high-order_2009,
	title = {High-{Order} {Computer}-{Assisted} {Estimates} of {Topological} {Entropy}},
	language = {en},
	school = {Michigan State University},
	author = {Johannes Grote},
	year = {2009},
  address = {USA}
}

@inproceedings{massari_differential_2018,
	location = {Kissimmee, Florida},
	title = {Differential Algebra software library with automatic code generation for space embedded applications},
	doi = {10.2514/6.2018-0398},
	booktitle = {2018 {AIAA} Information Systems-{AIAA} Infotech @ Aerospace},
	number = {AIAA 2018--0398},
	author = {Massari, Mauro and Di Lizia, Pierluigi and Cavenago, Francesco and Wittig, Alexander},
	year = {2018},
}
